%YAML 1.1
%TAG !u! tag:unity3d.com,2011:
--- !u!29 &1
OcclusionCullingSettings:
  m_ObjectHideFlags: 0
  serializedVersion: 2
  m_OcclusionBakeSettings:
    smallestOccluder: 5
    smallestHole: 0.25
    backfaceThreshold: 100
  m_SceneGUID: 00000000000000000000000000000000
  m_OcclusionCullingData: {fileID: 0}
--- !u!104 &2
RenderSettings:
  m_ObjectHideFlags: 0
  serializedVersion: 9
  m_Fog: 0
  m_FogColor: {r: 0.5, g: 0.5, b: 0.5, a: 1}
  m_FogMode: 3
  m_FogDensity: 0.01
  m_LinearFogStart: 0
  m_LinearFogEnd: 300
  m_AmbientSkyColor: {r: 0.212, g: 0.227, b: 0.259, a: 1}
  m_AmbientEquatorColor: {r: 0.114, g: 0.125, b: 0.133, a: 1}
  m_AmbientGroundColor: {r: 0.047, g: 0.043, b: 0.035, a: 1}
  m_AmbientIntensity: 1
  m_AmbientMode: 3
  m_SubtractiveShadowColor: {r: 0.42, g: 0.478, b: 0.627, a: 1}
  m_SkyboxMaterial: {fileID: 0}
  m_HaloStrength: 0.5
  m_FlareStrength: 1
  m_FlareFadeSpeed: 3
  m_HaloTexture: {fileID: 0}
  m_SpotCookie: {fileID: 10001, guid: 0000000000000000e000000000000000, type: 0}
  m_DefaultReflectionMode: 0
  m_DefaultReflectionResolution: 128
  m_ReflectionBounces: 1
  m_ReflectionIntensity: 1
  m_CustomReflection: {fileID: 0}
  m_Sun: {fileID: 0}
  m_IndirectSpecularColor: {r: 0, g: 0, b: 0, a: 1}
  m_UseRadianceAmbientProbe: 0
--- !u!157 &3
LightmapSettings:
  m_ObjectHideFlags: 0
  serializedVersion: 11
  m_GIWorkflowMode: 1
  m_GISettings:
    serializedVersion: 2
    m_BounceScale: 1
    m_IndirectOutputScale: 1
    m_AlbedoBoost: 1
    m_EnvironmentLightingMode: 0
    m_EnableBakedLightmaps: 0
    m_EnableRealtimeLightmaps: 0
  m_LightmapEditorSettings:
    serializedVersion: 12
    m_Resolution: 2
    m_BakeResolution: 40
    m_AtlasSize: 1024
    m_AO: 0
    m_AOMaxDistance: 1
    m_CompAOExponent: 1
    m_CompAOExponentDirect: 0
    m_ExtractAmbientOcclusion: 0
    m_Padding: 2
    m_LightmapParameters: {fileID: 0}
    m_LightmapsBakeMode: 1
    m_TextureCompression: 1
    m_FinalGather: 0
    m_FinalGatherFiltering: 1
    m_FinalGatherRayCount: 256
    m_ReflectionCompression: 2
    m_MixedBakeMode: 2
    m_BakeBackend: 1
    m_PVRSampling: 1
    m_PVRDirectSampleCount: 32
    m_PVRSampleCount: 512
    m_PVRBounces: 2
    m_PVREnvironmentSampleCount: 256
    m_PVREnvironmentReferencePointCount: 2048
    m_PVRFilteringMode: 1
    m_PVRDenoiserTypeDirect: 1
    m_PVRDenoiserTypeIndirect: 1
    m_PVRDenoiserTypeAO: 1
    m_PVRFilterTypeDirect: 0
    m_PVRFilterTypeIndirect: 0
    m_PVRFilterTypeAO: 0
    m_PVREnvironmentMIS: 1
    m_PVRCulling: 1
    m_PVRFilteringGaussRadiusDirect: 1
    m_PVRFilteringGaussRadiusIndirect: 5
    m_PVRFilteringGaussRadiusAO: 2
    m_PVRFilteringAtrousPositionSigmaDirect: 0.5
    m_PVRFilteringAtrousPositionSigmaIndirect: 2
    m_PVRFilteringAtrousPositionSigmaAO: 1
    m_ExportTrainingData: 0
    m_TrainingDataDestination: TrainingData
  m_LightingDataAsset: {fileID: 0}
  m_UseShadowmask: 1
--- !u!196 &4
NavMeshSettings:
  serializedVersion: 2
  m_ObjectHideFlags: 0
  m_BuildSettings:
    serializedVersion: 2
    agentTypeID: 0
    agentRadius: 0.5
    agentHeight: 2
    agentSlope: 45
    agentClimb: 0.4
    ledgeDropHeight: 0
    maxJumpAcrossDistance: 0
    minRegionArea: 2
    manualCellSize: 0
    cellSize: 0.16666667
    manualTileSize: 0
    tileSize: 256
    accuratePlacement: 0
    debug:
      m_Flags: 0
  m_NavMeshData: {fileID: 0}
--- !u!1 &460321860
GameObject:
  m_ObjectHideFlags: 0
  m_CorrespondingSourceObject: {fileID: 0}
  m_PrefabInstance: {fileID: 0}
  m_PrefabAsset: {fileID: 0}
  serializedVersion: 6
  m_Component:
  - component: {fileID: 460321863}
  - component: {fileID: 460321862}
  - component: {fileID: 460321861}
  m_Layer: 0
  m_Name: Main Camera
  m_TagString: MainCamera
  m_Icon: {fileID: 0}
  m_NavMeshLayer: 0
  m_StaticEditorFlags: 0
  m_IsActive: 1
--- !u!81 &460321861
AudioListener:
  m_ObjectHideFlags: 0
  m_CorrespondingSourceObject: {fileID: 0}
  m_PrefabInstance: {fileID: 0}
  m_PrefabAsset: {fileID: 0}
  m_GameObject: {fileID: 460321860}
  m_Enabled: 1
--- !u!20 &460321862
Camera:
  m_ObjectHideFlags: 0
  m_CorrespondingSourceObject: {fileID: 0}
  m_PrefabInstance: {fileID: 0}
  m_PrefabAsset: {fileID: 0}
  m_GameObject: {fileID: 460321860}
  m_Enabled: 1
  serializedVersion: 2
  m_ClearFlags: 1
  m_BackGroundColor: {r: 0.19215687, g: 0.3019608, b: 0.4745098, a: 0}
  m_projectionMatrixMode: 1
  m_GateFitMode: 2
  m_FOVAxisMode: 0
  m_SensorSize: {x: 36, y: 24}
  m_LensShift: {x: 0, y: 0}
  m_FocalLength: 50
  m_NormalizedViewPortRect:
    serializedVersion: 2
    x: 0
    y: 0
    width: 1
    height: 1
  near clip plane: 0.3
  far clip plane: 1000
  field of view: 60
  orthographic: 1
  orthographic size: 5
  m_Depth: -1
  m_CullingMask:
    serializedVersion: 2
    m_Bits: 4294967295
  m_RenderingPath: -1
  m_TargetTexture: {fileID: 0}
  m_TargetDisplay: 0
  m_TargetEye: 3
  m_HDR: 1
  m_AllowMSAA: 1
  m_AllowDynamicResolution: 0
  m_ForceIntoRT: 0
  m_OcclusionCulling: 1
  m_StereoConvergence: 10
  m_StereoSeparation: 0.022
--- !u!4 &460321863
Transform:
  m_ObjectHideFlags: 0
  m_CorrespondingSourceObject: {fileID: 0}
  m_PrefabInstance: {fileID: 0}
  m_PrefabAsset: {fileID: 0}
  m_GameObject: {fileID: 460321860}
  m_LocalRotation: {x: 0, y: 0, z: 0, w: 1}
  m_LocalPosition: {x: 0, y: 0, z: -10}
  m_LocalScale: {x: 1, y: 1, z: 1}
  m_Children: []
  m_Father: {fileID: 0}
  m_RootOrder: 0
  m_LocalEulerAnglesHint: {x: 0, y: 0, z: 0}
--- !u!1 &1416210021
GameObject:
  m_ObjectHideFlags: 0
  m_CorrespondingSourceObject: {fileID: 0}
  m_PrefabInstance: {fileID: 0}
  m_PrefabAsset: {fileID: 0}
  serializedVersion: 6
  m_Component:
  - component: {fileID: 1416210024}
  - component: {fileID: 1416210023}
  - component: {fileID: 1416210022}
  m_Layer: 0
  m_Name: Base
  m_TagString: Untagged
  m_Icon: {fileID: 0}
  m_NavMeshLayer: 0
  m_StaticEditorFlags: 0
  m_IsActive: 1
--- !u!114 &1416210022
MonoBehaviour:
  m_ObjectHideFlags: 0
  m_CorrespondingSourceObject: {fileID: 0}
  m_PrefabInstance: {fileID: 0}
  m_PrefabAsset: {fileID: 0}
  m_GameObject: {fileID: 1416210021}
  m_Enabled: 1
  m_EditorHideFlags: 0
  m_Script: {fileID: 11500000, guid: 6b1dce350761ad748ac3a45ca4f57d7e, type: 3}
  m_Name: 
  m_EditorClassIdentifier: 
--- !u!212 &1416210023
SpriteRenderer:
  m_ObjectHideFlags: 0
  m_CorrespondingSourceObject: {fileID: 0}
  m_PrefabInstance: {fileID: 0}
  m_PrefabAsset: {fileID: 0}
  m_GameObject: {fileID: 1416210021}
  m_Enabled: 1
  m_CastShadows: 0
  m_ReceiveShadows: 0
  m_DynamicOccludee: 1
  m_MotionVectors: 1
  m_LightProbeUsage: 1
  m_ReflectionProbeUsage: 1
  m_RenderingLayerMask: 1
  m_RendererPriority: 0
  m_Materials:
  - {fileID: 10754, guid: 0000000000000000f000000000000000, type: 0}
  m_StaticBatchInfo:
    firstSubMesh: 0
    subMeshCount: 0
  m_StaticBatchRoot: {fileID: 0}
  m_ProbeAnchor: {fileID: 0}
  m_LightProbeVolumeOverride: {fileID: 0}
  m_ScaleInLightmap: 1
  m_ReceiveGI: 1
  m_PreserveUVs: 0
  m_IgnoreNormalsForChartDetection: 0
  m_ImportantGI: 0
  m_StitchLightmapSeams: 1
  m_SelectedEditorRenderState: 0
  m_MinimumChartSize: 4
  m_AutoUVMaxDistance: 0.5
  m_AutoUVMaxAngle: 89
  m_LightmapParameters: {fileID: 0}
  m_SortingLayerID: 0
  m_SortingLayer: 0
  m_SortingOrder: 0
  m_Sprite: {fileID: 10913, guid: 0000000000000000f000000000000000, type: 0}
  m_Color: {r: 1, g: 1, b: 1, a: 1}
  m_FlipX: 0
  m_FlipY: 0
  m_DrawMode: 0
  m_Size: {x: 0.2, y: 0.2}
  m_AdaptiveModeThreshold: 0.5
  m_SpriteTileMode: 0
  m_WasSpriteAssigned: 1
  m_MaskInteraction: 0
  m_SpriteSortPoint: 0
--- !u!4 &1416210024
Transform:
  m_ObjectHideFlags: 0
  m_CorrespondingSourceObject: {fileID: 0}
  m_PrefabInstance: {fileID: 0}
  m_PrefabAsset: {fileID: 0}
  m_GameObject: {fileID: 1416210021}
  m_LocalRotation: {x: 0, y: 0, z: 0, w: 1}
  m_LocalPosition: {x: -0.03, y: -0.11, z: -9.7625}
  m_LocalScale: {x: 10.636, y: 10.636, z: 10.636}
  m_Children: []
  m_Father: {fileID: 0}
  m_RootOrder: 2
  m_LocalEulerAnglesHint: {x: 0, y: 0, z: 0}
--- !u!1 &1502216357 stripped
GameObject:
  m_CorrespondingSourceObject: {fileID: 5308822648235543431, guid: 240c3db95d316044895a5573807a5bbb,
    type: 3}
  m_PrefabInstance: {fileID: 1511573042}
  m_PrefabAsset: {fileID: 0}
--- !u!114 &1502216363
MonoBehaviour:
  m_ObjectHideFlags: 0
  m_CorrespondingSourceObject: {fileID: 0}
  m_PrefabInstance: {fileID: 0}
  m_PrefabAsset: {fileID: 0}
  m_GameObject: {fileID: 1502216357}
  m_Enabled: 1
  m_EditorHideFlags: 0
  m_Script: {fileID: 11500000, guid: 8a24e107661f2ae49aad6221a8effee4, type: 3}
  m_Name: 
  m_EditorClassIdentifier: 
  weight: 0.63
  verbose: 0
  radius: 1
--- !u!114 &1502216368
MonoBehaviour:
  m_ObjectHideFlags: 0
  m_CorrespondingSourceObject: {fileID: 0}
  m_PrefabInstance: {fileID: 0}
  m_PrefabAsset: {fileID: 0}
  m_GameObject: {fileID: 1502216357}
  m_Enabled: 1
  m_EditorHideFlags: 0
  m_Script: {fileID: 11500000, guid: f21b48265ca4fcc479f3b2f9e81ab395, type: 3}
  m_Name: 
  m_EditorClassIdentifier: 
  weight: 0.695
  verbose: 0
  radius: 1
--- !u!114 &1502216369
MonoBehaviour:
  m_ObjectHideFlags: 0
  m_CorrespondingSourceObject: {fileID: 0}
  m_PrefabInstance: {fileID: 0}
  m_PrefabAsset: {fileID: 0}
  m_GameObject: {fileID: 1502216357}
  m_Enabled: 1
  m_EditorHideFlags: 0
  m_Script: {fileID: 11500000, guid: 0e41e5ba6aa6a36469e0b2a94bd7862f, type: 3}
  m_Name: 
  m_EditorClassIdentifier: 
  weight: 0.63
  verbose: 0
  radius: 1
--- !u!1001 &1511573042
PrefabInstance:
  m_ObjectHideFlags: 0
  serializedVersion: 2
  m_Modification:
    m_TransformParent: {fileID: 0}
    m_Modifications:
    - target: {fileID: 364529165, guid: 240c3db95d316044895a5573807a5bbb, type: 3}
      propertyPath: team
      value: 1
      objectReference: {fileID: 0}
    - target: {fileID: 2178430400492964592, guid: 240c3db95d316044895a5573807a5bbb,
        type: 3}
      propertyPath: m_Enabled
      value: 1
      objectReference: {fileID: 0}
    - target: {fileID: 5308822648235543431, guid: 240c3db95d316044895a5573807a5bbb,
        type: 3}
      propertyPath: m_Name
      value: Agent_T2
      objectReference: {fileID: 0}
    - target: {fileID: 5308822648235543431, guid: 240c3db95d316044895a5573807a5bbb,
        type: 3}
      propertyPath: m_IsActive
      value: 1
      objectReference: {fileID: 0}
    - target: {fileID: 5308822648235543449, guid: 240c3db95d316044895a5573807a5bbb,
        type: 3}
      propertyPath: m_LocalPosition.x
      value: -1.96
      objectReference: {fileID: 0}
    - target: {fileID: 5308822648235543449, guid: 240c3db95d316044895a5573807a5bbb,
        type: 3}
      propertyPath: m_LocalPosition.y
      value: -4.12
      objectReference: {fileID: 0}
    - target: {fileID: 5308822648235543449, guid: 240c3db95d316044895a5573807a5bbb,
        type: 3}
      propertyPath: m_LocalPosition.z
      value: 0
      objectReference: {fileID: 0}
    - target: {fileID: 5308822648235543449, guid: 240c3db95d316044895a5573807a5bbb,
        type: 3}
      propertyPath: m_LocalRotation.x
      value: -0
      objectReference: {fileID: 0}
    - target: {fileID: 5308822648235543449, guid: 240c3db95d316044895a5573807a5bbb,
        type: 3}
      propertyPath: m_LocalRotation.y
      value: -0
      objectReference: {fileID: 0}
    - target: {fileID: 5308822648235543449, guid: 240c3db95d316044895a5573807a5bbb,
        type: 3}
      propertyPath: m_LocalRotation.z
      value: -0.6585904
      objectReference: {fileID: 0}
    - target: {fileID: 5308822648235543449, guid: 240c3db95d316044895a5573807a5bbb,
        type: 3}
      propertyPath: m_LocalRotation.w
      value: -0.7525017
      objectReference: {fileID: 0}
    - target: {fileID: 5308822648235543449, guid: 240c3db95d316044895a5573807a5bbb,
        type: 3}
      propertyPath: m_RootOrder
      value: 3
      objectReference: {fileID: 0}
    - target: {fileID: 5308822648235543449, guid: 240c3db95d316044895a5573807a5bbb,
        type: 3}
      propertyPath: m_LocalEulerAnglesHint.x
      value: 0
      objectReference: {fileID: 0}
    - target: {fileID: 5308822648235543449, guid: 240c3db95d316044895a5573807a5bbb,
        type: 3}
      propertyPath: m_LocalEulerAnglesHint.y
      value: 0
      objectReference: {fileID: 0}
    - target: {fileID: 5308822648235543449, guid: 240c3db95d316044895a5573807a5bbb,
        type: 3}
      propertyPath: m_LocalEulerAnglesHint.z
      value: -277.615
      objectReference: {fileID: 0}
    - target: {fileID: 5308822648964177530, guid: 240c3db95d316044895a5573807a5bbb,
        type: 3}
      propertyPath: m_Color.r
      value: 1
      objectReference: {fileID: 0}
    - target: {fileID: 5308822648964177530, guid: 240c3db95d316044895a5573807a5bbb,
        type: 3}
      propertyPath: m_Color.g
      value: 0.9800461
      objectReference: {fileID: 0}
    - target: {fileID: 5308822648964177530, guid: 240c3db95d316044895a5573807a5bbb,
        type: 3}
      propertyPath: m_Color.b
      value: 0
      objectReference: {fileID: 0}
    - target: {fileID: 5553182754412111640, guid: 240c3db95d316044895a5573807a5bbb,
        type: 3}
      propertyPath: m_Enabled
      value: 1
      objectReference: {fileID: 0}
    - target: {fileID: 7262381765615918222, guid: 240c3db95d316044895a5573807a5bbb,
        type: 3}
      propertyPath: m_Enabled
      value: 1
      objectReference: {fileID: 0}
    - target: {fileID: 7835009273663428892, guid: 240c3db95d316044895a5573807a5bbb,
        type: 3}
      propertyPath: m_Enabled
      value: 1
      objectReference: {fileID: 0}
    m_RemovedComponents: []
  m_SourcePrefab: {fileID: 100100000, guid: 240c3db95d316044895a5573807a5bbb, type: 3}
--- !u!1001 &1858055427
PrefabInstance:
  m_ObjectHideFlags: 0
  serializedVersion: 2
  m_Modification:
    m_TransformParent: {fileID: 0}
    m_Modifications:
    - target: {fileID: 1495553115, guid: 5c013646d97843e44a0f8969657de880, type: 3}
      propertyPath: m_Controller
      value: 
      objectReference: {fileID: 9100000, guid: 1d9dc00535404cb478596c1681081592, type: 2}
    - target: {fileID: 1656316466661334383, guid: 5c013646d97843e44a0f8969657de880,
        type: 3}
      propertyPath: m_LocalPosition.x
      value: 9.1
      objectReference: {fileID: 0}
    - target: {fileID: 1656316466661334383, guid: 5c013646d97843e44a0f8969657de880,
        type: 3}
      propertyPath: m_LocalPosition.y
      value: 17.6
      objectReference: {fileID: 0}
    - target: {fileID: 1656316466661334383, guid: 5c013646d97843e44a0f8969657de880,
        type: 3}
      propertyPath: m_LocalPosition.z
      value: 0
      objectReference: {fileID: 0}
    - target: {fileID: 1656316466661334383, guid: 5c013646d97843e44a0f8969657de880,
        type: 3}
      propertyPath: m_LocalRotation.x
      value: -0
      objectReference: {fileID: 0}
    - target: {fileID: 1656316466661334383, guid: 5c013646d97843e44a0f8969657de880,
        type: 3}
      propertyPath: m_LocalRotation.y
      value: -0
      objectReference: {fileID: 0}
    - target: {fileID: 1656316466661334383, guid: 5c013646d97843e44a0f8969657de880,
        type: 3}
      propertyPath: m_LocalRotation.z
      value: -0.90828604
      objectReference: {fileID: 0}
    - target: {fileID: 1656316466661334383, guid: 5c013646d97843e44a0f8969657de880,
        type: 3}
      propertyPath: m_LocalRotation.w
      value: 0.41834974
      objectReference: {fileID: 0}
    - target: {fileID: 1656316466661334383, guid: 5c013646d97843e44a0f8969657de880,
        type: 3}
      propertyPath: m_RootOrder
      value: 6
      objectReference: {fileID: 0}
    - target: {fileID: 1656316466661334383, guid: 5c013646d97843e44a0f8969657de880,
        type: 3}
      propertyPath: m_LocalEulerAnglesHint.x
      value: 0
      objectReference: {fileID: 0}
    - target: {fileID: 1656316466661334383, guid: 5c013646d97843e44a0f8969657de880,
        type: 3}
      propertyPath: m_LocalEulerAnglesHint.y
      value: 0
      objectReference: {fileID: 0}
    - target: {fileID: 1656316466661334383, guid: 5c013646d97843e44a0f8969657de880,
        type: 3}
      propertyPath: m_LocalEulerAnglesHint.z
      value: -130.539
      objectReference: {fileID: 0}
    - target: {fileID: 1656316466661334385, guid: 5c013646d97843e44a0f8969657de880,
        type: 3}
      propertyPath: m_Name
      value: Agent_FSM_Sniper
      objectReference: {fileID: 0}
    - target: {fileID: 1656316466661334385, guid: 5c013646d97843e44a0f8969657de880,
        type: 3}
      propertyPath: m_IsActive
      value: 0
      objectReference: {fileID: 0}
    - target: {fileID: 6868219363499970811, guid: 5c013646d97843e44a0f8969657de880,
        type: 3}
      propertyPath: team
      value: 4
      objectReference: {fileID: 0}
    m_RemovedComponents: []
  m_SourcePrefab: {fileID: 100100000, guid: 5c013646d97843e44a0f8969657de880, type: 3}
--- !u!1001 &1871870953
PrefabInstance:
  m_ObjectHideFlags: 0
  serializedVersion: 2
  m_Modification:
    m_TransformParent: {fileID: 0}
    m_Modifications:
    - target: {fileID: 1095978155205006, guid: 89e474b723cb95344b5ad58a31eb2c42, type: 3}
      propertyPath: m_Name
      value: Bullet
      objectReference: {fileID: 0}
    - target: {fileID: 4941138823748060, guid: 89e474b723cb95344b5ad58a31eb2c42, type: 3}
      propertyPath: m_LocalPosition.x
      value: -9.45
      objectReference: {fileID: 0}
    - target: {fileID: 4941138823748060, guid: 89e474b723cb95344b5ad58a31eb2c42, type: 3}
      propertyPath: m_LocalPosition.y
      value: -4.76
      objectReference: {fileID: 0}
    - target: {fileID: 4941138823748060, guid: 89e474b723cb95344b5ad58a31eb2c42, type: 3}
      propertyPath: m_LocalPosition.z
      value: 0
      objectReference: {fileID: 0}
    - target: {fileID: 4941138823748060, guid: 89e474b723cb95344b5ad58a31eb2c42, type: 3}
      propertyPath: m_LocalRotation.x
      value: 0
      objectReference: {fileID: 0}
    - target: {fileID: 4941138823748060, guid: 89e474b723cb95344b5ad58a31eb2c42, type: 3}
      propertyPath: m_LocalRotation.y
      value: 0
      objectReference: {fileID: 0}
    - target: {fileID: 4941138823748060, guid: 89e474b723cb95344b5ad58a31eb2c42, type: 3}
      propertyPath: m_LocalRotation.z
      value: 0
      objectReference: {fileID: 0}
    - target: {fileID: 4941138823748060, guid: 89e474b723cb95344b5ad58a31eb2c42, type: 3}
      propertyPath: m_LocalRotation.w
      value: 1
      objectReference: {fileID: 0}
    - target: {fileID: 4941138823748060, guid: 89e474b723cb95344b5ad58a31eb2c42, type: 3}
      propertyPath: m_RootOrder
      value: 1
      objectReference: {fileID: 0}
    - target: {fileID: 4941138823748060, guid: 89e474b723cb95344b5ad58a31eb2c42, type: 3}
      propertyPath: m_LocalEulerAnglesHint.x
      value: 0
      objectReference: {fileID: 0}
    - target: {fileID: 4941138823748060, guid: 89e474b723cb95344b5ad58a31eb2c42, type: 3}
      propertyPath: m_LocalEulerAnglesHint.y
      value: 0
      objectReference: {fileID: 0}
    - target: {fileID: 4941138823748060, guid: 89e474b723cb95344b5ad58a31eb2c42, type: 3}
      propertyPath: m_LocalEulerAnglesHint.z
      value: 0
      objectReference: {fileID: 0}
    m_RemovedComponents: []
  m_SourcePrefab: {fileID: 100100000, guid: 89e474b723cb95344b5ad58a31eb2c42, type: 3}
--- !u!1 &2046302328 stripped
GameObject:
  m_CorrespondingSourceObject: {fileID: 4432327547060767809, guid: 9df5cf651df4d1c45b4c11f0b66c0a85,
    type: 3}
  m_PrefabInstance: {fileID: 2869895987143871761}
  m_PrefabAsset: {fileID: 0}
--- !u!114 &2046302330
MonoBehaviour:
  m_ObjectHideFlags: 0
  m_CorrespondingSourceObject: {fileID: 0}
  m_PrefabInstance: {fileID: 0}
  m_PrefabAsset: {fileID: 0}
  m_GameObject: {fileID: 2046302328}
  m_Enabled: 1
  m_EditorHideFlags: 0
  m_Script: {fileID: 11500000, guid: 35e74dc7f3254c5b9b7f91729e64c39f, type: 3}
  m_Name: 
  m_EditorClassIdentifier: 
  myBrain: {fileID: 0}
  children: []
--- !u!1001 &2869895987143871761
PrefabInstance:
  m_ObjectHideFlags: 0
  serializedVersion: 2
  m_Modification:
    m_TransformParent: {fileID: 0}
    m_Modifications:
    - target: {fileID: 7962171881242765826, guid: 9df5cf651df4d1c45b4c11f0b66c0a85,
        type: 3}
      propertyPath: m_Name
      value: Agent_BT
      objectReference: {fileID: 0}
    - target: {fileID: 7962171881242765852, guid: 9df5cf651df4d1c45b4c11f0b66c0a85,
        type: 3}
      propertyPath: m_LocalPosition.x
      value: -16.5
      objectReference: {fileID: 0}
    - target: {fileID: 7962171881242765852, guid: 9df5cf651df4d1c45b4c11f0b66c0a85,
        type: 3}
      propertyPath: m_LocalPosition.y
      value: 39.7
      objectReference: {fileID: 0}
    - target: {fileID: 7962171881242765852, guid: 9df5cf651df4d1c45b4c11f0b66c0a85,
        type: 3}
      propertyPath: m_LocalPosition.z
      value: 0
      objectReference: {fileID: 0}
    - target: {fileID: 7962171881242765852, guid: 9df5cf651df4d1c45b4c11f0b66c0a85,
        type: 3}
      propertyPath: m_LocalRotation.x
      value: -0
      objectReference: {fileID: 0}
    - target: {fileID: 7962171881242765852, guid: 9df5cf651df4d1c45b4c11f0b66c0a85,
        type: 3}
      propertyPath: m_LocalRotation.y
      value: -0
      objectReference: {fileID: 0}
    - target: {fileID: 7962171881242765852, guid: 9df5cf651df4d1c45b4c11f0b66c0a85,
        type: 3}
      propertyPath: m_LocalRotation.z
      value: 0.40286234
      objectReference: {fileID: 0}
    - target: {fileID: 7962171881242765852, guid: 9df5cf651df4d1c45b4c11f0b66c0a85,
        type: 3}
      propertyPath: m_LocalRotation.w
      value: -0.9152607
      objectReference: {fileID: 0}
    - target: {fileID: 7962171881242765852, guid: 9df5cf651df4d1c45b4c11f0b66c0a85,
        type: 3}
      propertyPath: m_RootOrder
      value: 5
      objectReference: {fileID: 0}
    - target: {fileID: 7962171881242765852, guid: 9df5cf651df4d1c45b4c11f0b66c0a85,
        type: 3}
      propertyPath: m_LocalEulerAnglesHint.x
      value: 0
      objectReference: {fileID: 0}
    - target: {fileID: 7962171881242765852, guid: 9df5cf651df4d1c45b4c11f0b66c0a85,
        type: 3}
      propertyPath: m_LocalEulerAnglesHint.y
      value: 0
      objectReference: {fileID: 0}
    - target: {fileID: 7962171881242765852, guid: 9df5cf651df4d1c45b4c11f0b66c0a85,
        type: 3}
      propertyPath: m_LocalEulerAnglesHint.z
      value: -407.514
      objectReference: {fileID: 0}
    m_RemovedComponents: []
  m_SourcePrefab: {fileID: 100100000, guid: 9df5cf651df4d1c45b4c11f0b66c0a85, type: 3}
--- !u!1001 &8648555575315914646
PrefabInstance:
  m_ObjectHideFlags: 0
  serializedVersion: 2
  m_Modification:
    m_TransformParent: {fileID: 0}
    m_Modifications:
    - target: {fileID: 1656316466661334383, guid: 5c013646d97843e44a0f8969657de880,
        type: 3}
      propertyPath: m_LocalPosition.x
      value: 5.1
      objectReference: {fileID: 0}
    - target: {fileID: 1656316466661334383, guid: 5c013646d97843e44a0f8969657de880,
        type: 3}
      propertyPath: m_LocalPosition.y
      value: 0.6
      objectReference: {fileID: 0}
    - target: {fileID: 1656316466661334383, guid: 5c013646d97843e44a0f8969657de880,
        type: 3}
      propertyPath: m_LocalPosition.z
      value: 0
      objectReference: {fileID: 0}
    - target: {fileID: 1656316466661334383, guid: 5c013646d97843e44a0f8969657de880,
        type: 3}
      propertyPath: m_LocalRotation.x
      value: -0
      objectReference: {fileID: 0}
    - target: {fileID: 1656316466661334383, guid: 5c013646d97843e44a0f8969657de880,
        type: 3}
      propertyPath: m_LocalRotation.y
      value: -0
      objectReference: {fileID: 0}
    - target: {fileID: 1656316466661334383, guid: 5c013646d97843e44a0f8969657de880,
        type: 3}
      propertyPath: m_LocalRotation.z
      value: -0.7933525
      objectReference: {fileID: 0}
    - target: {fileID: 1656316466661334383, guid: 5c013646d97843e44a0f8969657de880,
        type: 3}
      propertyPath: m_LocalRotation.w
      value: 0.6087625
      objectReference: {fileID: 0}
    - target: {fileID: 1656316466661334383, guid: 5c013646d97843e44a0f8969657de880,
        type: 3}
      propertyPath: m_RootOrder
      value: 4
      objectReference: {fileID: 0}
    - target: {fileID: 1656316466661334383, guid: 5c013646d97843e44a0f8969657de880,
        type: 3}
      propertyPath: m_LocalEulerAnglesHint.x
      value: 0
      objectReference: {fileID: 0}
    - target: {fileID: 1656316466661334383, guid: 5c013646d97843e44a0f8969657de880,
        type: 3}
      propertyPath: m_LocalEulerAnglesHint.y
      value: 0
      objectReference: {fileID: 0}
    - target: {fileID: 1656316466661334383, guid: 5c013646d97843e44a0f8969657de880,
        type: 3}
      propertyPath: m_LocalEulerAnglesHint.z
      value: -105.00001
      objectReference: {fileID: 0}
    - target: {fileID: 1656316466661334385, guid: 5c013646d97843e44a0f8969657de880,
        type: 3}
      propertyPath: m_Name
      value: Agent_FSM_Soldier
      objectReference: {fileID: 0}
    - target: {fileID: 1656316466661334385, guid: 5c013646d97843e44a0f8969657de880,
        type: 3}
      propertyPath: m_IsActive
      value: 1
      objectReference: {fileID: 0}
    - target: {fileID: 6868219363499970811, guid: 5c013646d97843e44a0f8969657de880,
        type: 3}
      propertyPath: team
      value: 4
      objectReference: {fileID: 0}
    m_RemovedComponents: []
  m_SourcePrefab: {fileID: 100100000, guid: 5c013646d97843e44a0f8969657de880, type: 3}
